<?xml version="1.0" encoding="UTF-8"?>
<record xmlns="http://www.loc.gov/MARC21/slim">
   <leader>05081cas a2200997 a 4500</leader>
   <controlfield tag="001">914685</controlfield>
   <controlfield tag="008">870820c19849999abcfn        s0     eng c</controlfield>
   <datafield tag="022" ind1="0" ind2=" ">
      <subfield code="a">1193-0217</subfield>
   </datafield>
   <datafield tag="035" ind1=" " ind2=" ">
      <subfield code="a">ocm26290604</subfield>
   </datafield>
   <datafield tag="040" ind1=" " ind2=" ">
      <subfield code="b">eng</subfield>
   </datafield>
   <datafield tag="043" ind1=" " ind2=" ">
      <subfield code="a">n-cn-ab</subfield>
   </datafield>
   <datafield tag="049" ind1=" " ind2=" ">
      <subfield code="a">AEU</subfield>
      <subfield code="b">eng</subfield>
   </datafield>
   <datafield tag="090" ind1=" " ind2=" ">
      <subfield code="a">LB 3054 C2 D426</subfield>
      <subfield code="b">AEU</subfield>
   </datafield>
   <datafield tag="240" ind1="0" ind2="0">
      <subfield code="a">Grade 12 diploma examination.</subfield>
      <subfield code="p">Physics 30.</subfield>
   </datafield>
   <datafield tag="245" ind1="0" ind2="0">
      <subfield code="a">Grade 12 diploma examination. Physics 30 1987</subfield>
      <subfield code="p">Physics 30.</subfield>
   </datafield>
   <datafield tag="246" ind1="3" ind2="0">
      <subfield code="a">Physics 30.</subfield>
   </datafield>
   <datafield tag="246" ind1="1" ind2=" ">
      <subfield code="i">On issues for Jan. 1993- the title appears as:</subfield>
      <subfield code="a">Physics 30 grade 12 diploma examination.</subfield>
   </datafield>
   <datafield tag="260" ind1=" " ind2=" ">
      <subfield code="a">[Edmonton] :</subfield>
      <subfield code="b">Alberta Education,</subfield>
      <subfield code="c">[1984]-</subfield>
   </datafield>
   <datafield tag="300" ind1=" " ind2=" ">
      <subfield code="a">v. :</subfield>
      <subfield code="b">ill. ;</subfield>
      <subfield code="c">28 cm.</subfield>
   </datafield>
   <datafield tag="310" ind1=" " ind2=" ">
      <subfield code="a">Twice a year (Jan. and June)</subfield>
   </datafield>
   <datafield tag="336" ind1=" " ind2=" ">
      <subfield code="a">text</subfield>
      <subfield code="b">txt</subfield>
      <subfield code="2">rdacontent</subfield>
   </datafield>
   <datafield tag="337" ind1=" " ind2=" ">
      <subfield code="a">unmediated</subfield>
      <subfield code="b">n</subfield>
      <subfield code="2">rdamedia</subfield>
   </datafield>
   <datafield tag="338" ind1=" " ind2=" ">
      <subfield code="a">volume</subfield>
      <subfield code="b">nc</subfield>
      <subfield code="2">rdacarrier</subfield>
   </datafield>
   <datafield tag="362" ind1="0" ind2=" ">
      <subfield code="a">Jan. 1984-</subfield>
   </datafield>
   <datafield tag="500" ind1=" " ind2=" ">
      <subfield code="a">Title from cover.</subfield>
   </datafield>
   <datafield tag="550" ind1=" " ind2=" ">
      <subfield code="a">Issued by: Student Evaluation Branch.</subfield>
   </datafield>
   <datafield tag="596" ind1=" " ind2=" ">
      <subfield code="a">41</subfield>
   </datafield>
   <datafield tag="650" ind1=" " ind2="0">
      <subfield code="a">Physics</subfield>
      <subfield code="z">Alberta</subfield>
      <subfield code="v">Examinations, questions, etc.</subfield>
      <subfield code="v">Periodicals.</subfield>
   </datafield>
   <datafield tag="650" ind1=" " ind2="0">
      <subfield code="a">Twelfth grade (Education)</subfield>
      <subfield code="z">Alberta</subfield>
      <subfield code="x">Examinations</subfield>
      <subfield code="v">Periodicals.</subfield>
   </datafield>
   <datafield tag="650" ind1=" " ind2="0">
      <subfield code="a">Examinations</subfield>
      <subfield code="z">Alberta</subfield>
      <subfield code="v">Periodicals.</subfield>
   </datafield>
   <datafield tag="710" ind1="1" ind2=" ">
      <subfield code="a">Alberta.</subfield>
      <subfield code="b">Alberta Education.</subfield>
   </datafield>
   <datafield tag="710" ind1="1" ind2=" ">
      <subfield code="a">Alberta.</subfield>
      <subfield code="b">Student Evaluation Branch.</subfield>
   </datafield>
   <datafield tag="940" ind1=" " ind2=" ">
      <subfield code="a">NO EJOURNAL HOLDINGS</subfield>
   </datafield>
   <datafield tag="926" ind1=" " ind2=" ">
      <subfield code="a">UAEDUC</subfield>
      <subfield code="b">LIBUSE</subfield>
      <subfield code="c">LB 3054 C2 D426 1984:Jan</subfield>
      <subfield code="d">NO_LOAN</subfield>
      <subfield code="e">NEVER</subfield>
      <subfield code="f">1</subfield>
   </datafield>
   <datafield tag="926" ind1=" " ind2=" ">
      <subfield code="a">UAEDUC</subfield>
      <subfield code="b">LIBUSE</subfield>
      <subfield code="c">LB 3054 C2 D426 1984:June</subfield>
      <subfield code="d">NO_LOAN</subfield>
      <subfield code="e">NEVER</subfield>
      <subfield code="f">1</subfield>
   </datafield>
   <datafield tag="926" ind1=" " ind2=" ">
      <subfield code="a">UAEDUC</subfield>
      <subfield code="b">LIBUSE</subfield>
      <subfield code="c">LB 3054 C2 D426 1985:Jan</subfield>
      <subfield code="d">NO_LOAN</subfield>
      <subfield code="e">NEVER</subfield>
      <subfield code="f">1</subfield>
   </datafield>
   <datafield tag="926" ind1=" " ind2=" ">
      <subfield code="a">UAEDUC</subfield>
      <subfield code="b">LIBUSE</subfield>
      <subfield code="c">LB 3054 C2 D426 1985:June</subfield>
      <subfield code="d">NO_LOAN</subfield>
      <subfield code="e">NEVER</subfield>
      <subfield code="f">1</subfield>
   </datafield>
   <datafield tag="926" ind1=" " ind2=" ">
      <subfield code="a">UAEDUC</subfield>
      <subfield code="b">LIBUSE</subfield>
      <subfield code="c">LB 3054 C2 D426 1986:Jan</subfield>
      <subfield code="d">NO_LOAN</subfield>
      <subfield code="e">NEVER</subfield>
      <subfield code="f">1</subfield>
   </datafield>
   <datafield tag="926" ind1=" " ind2=" ">
      <subfield code="a">UAEDUC</subfield>
      <subfield code="b">LIBUSE</subfield>
      <subfield code="c">LB 3054 C2 D426 1986:June</subfield>
      <subfield code="d">NO_LOAN</subfield>
      <subfield code="e">NEVER</subfield>
      <subfield code="f">1</subfield>
   </datafield>
   <datafield tag="926" ind1=" " ind2=" ">
      <subfield code="a">UAEDUC</subfield>
      <subfield code="b">CURR_HIST</subfield>
      <subfield code="c">LB 3054 C2 D426 1987:Jan</subfield>
      <subfield code="d">NO_LOAN</subfield>
      <subfield code="f">1</subfield>
   </datafield>
   <datafield tag="926" ind1=" " ind2=" ">
      <subfield code="a">UAEDUC</subfield>
      <subfield code="b">CURR_HIST</subfield>
      <subfield code="c">LB 3054 C2 D426 1987:June</subfield>
      <subfield code="d">NO_LOAN</subfield>
      <subfield code="f">1</subfield>
   </datafield>
   <datafield tag="926" ind1=" " ind2=" ">
      <subfield code="a">UAEDUC</subfield>
      <subfield code="b">CURR_HIST</subfield>
      <subfield code="c">LB 3054 C2 D426 1988:Jan</subfield>
      <subfield code="d">NO_LOAN</subfield>
      <subfield code="f">1</subfield>
   </datafield>
   <datafield tag="926" ind1=" " ind2=" ">
      <subfield code="a">UAEDUC</subfield>
      <subfield code="b">CURR_HIST</subfield>
      <subfield code="c">LB 3054 C2 D426 1988:June</subfield>
      <subfield code="d">NO_LOAN</subfield>
      <subfield code="f">1</subfield>
   </datafield>
   <datafield tag="926" ind1=" " ind2=" ">
      <subfield code="a">UAEDUC</subfield>
      <subfield code="b">CURR_HIST</subfield>
      <subfield code="c">LB 3054 C2 D426 1989:June</subfield>
      <subfield code="d">NO_LOAN</subfield>
      <subfield code="f">1</subfield>
   </datafield>
   <datafield tag="926" ind1=" " ind2=" ">
      <subfield code="a">UAEDUC</subfield>
      <subfield code="b">CURR_HIST</subfield>
      <subfield code="c">LB 3054 C2 D426 1990:June</subfield>
      <subfield code="d">NO_LOAN</subfield>
      <subfield code="f">1</subfield>
   </datafield>
   <datafield tag="926" ind1=" " ind2=" ">
      <subfield code="a">UAEDUC</subfield>
      <subfield code="b">CURR_HIST</subfield>
      <subfield code="c">LB 3054 C2 D426 1991:Jan</subfield>
      <subfield code="d">NO_LOAN</subfield>
      <subfield code="f">1</subfield>
   </datafield>
   <datafield tag="926" ind1=" " ind2=" ">
      <subfield code="a">UAEDUC</subfield>
      <subfield code="b">CURR_HIST</subfield>
      <subfield code="c">LB 3054 C2 D426 1992:Jan</subfield>
      <subfield code="d">NO_LOAN</subfield>
      <subfield code="f">1</subfield>
   </datafield>
   <datafield tag="926" ind1=" " ind2=" ">
      <subfield code="a">UAEDUC</subfield>
      <subfield code="b">CURR_HIST</subfield>
      <subfield code="c">LB 3054 C2 D426 1992:Jan.</subfield>
      <subfield code="d">NO_LOAN</subfield>
      <subfield code="f">2</subfield>
   </datafield>
   <datafield tag="926" ind1=" " ind2=" ">
      <subfield code="a">UAEDUC</subfield>
      <subfield code="b">LIBUSE</subfield>
      <subfield code="c">LB 3054 C2 D426 1992:Jan.</subfield>
      <subfield code="d">NO_LOAN</subfield>
      <subfield code="e">NEVER</subfield>
      <subfield code="f">3</subfield>
   </datafield>
   <datafield tag="926" ind1=" " ind2=" ">
      <subfield code="a">UAEDUC</subfield>
      <subfield code="b">CURR_HIST</subfield>
      <subfield code="c">LB 3054 C2 D426 1992:June</subfield>
      <subfield code="d">NO_LOAN</subfield>
      <subfield code="f">1</subfield>
   </datafield>
   <datafield tag="926" ind1=" " ind2=" ">
      <subfield code="a">UAEDUC</subfield>
      <subfield code="b">CURR_HIST</subfield>
      <subfield code="c">LB 3054 C2 D426 1992:June</subfield>
      <subfield code="d">NO_LOAN</subfield>
      <subfield code="f">2</subfield>
   </datafield>
   <datafield tag="926" ind1=" " ind2=" ">
      <subfield code="a">UAEDUC</subfield>
      <subfield code="b">CURR_HIST</subfield>
      <subfield code="c">LB 3054 C2 D426 1992:June</subfield>
      <subfield code="d">NO_LOAN</subfield>
      <subfield code="f">3</subfield>
   </datafield>
   <datafield tag="926" ind1=" " ind2=" ">
      <subfield code="a">UAEDUC</subfield>
      <subfield code="b">CURR_HIST</subfield>
      <subfield code="c">LB 3054 C2 D426 1992:June</subfield>
      <subfield code="d">NO_LOAN</subfield>
      <subfield code="f">4</subfield>
   </datafield>
   <datafield tag="926" ind1=" " ind2=" ">
      <subfield code="a">UAEDUC</subfield>
      <subfield code="b">CURR_HIST</subfield>
      <subfield code="c">LB 3054 C2 D426 1993:Jan</subfield>
      <subfield code="d">NO_LOAN</subfield>
      <subfield code="f">1</subfield>
   </datafield>
   <datafield tag="926" ind1=" " ind2=" ">
      <subfield code="a">UAEDUC</subfield>
      <subfield code="b">LIBUSE</subfield>
      <subfield code="c">LB 3054 C2 D426 1993:Jan.</subfield>
      <subfield code="d">NO_LOAN</subfield>
      <subfield code="e">NEVER</subfield>
      <subfield code="f">2</subfield>
   </datafield>
   <datafield tag="926" ind1=" " ind2=" ">
      <subfield code="a">UAEDUC</subfield>
      <subfield code="b">CURR_HIST</subfield>
      <subfield code="c">LB 3054 C2 D426 1993:June</subfield>
      <subfield code="d">NO_LOAN</subfield>
      <subfield code="f">1</subfield>
   </datafield>
   <datafield tag="926" ind1=" " ind2=" ">
      <subfield code="a">UAEDUC</subfield>
      <subfield code="b">CURR_HIST</subfield>
      <subfield code="c">LB 3054 C2 D426 1993:June</subfield>
      <subfield code="d">NO_LOAN</subfield>
      <subfield code="f">2</subfield>
   </datafield>
   <datafield tag="926" ind1=" " ind2=" ">
      <subfield code="a">UAEDUC</subfield>
      <subfield code="b">CURR_HIST</subfield>
      <subfield code="c">LB 3054 C2 D426 1994:Jan</subfield>
      <subfield code="d">NO_LOAN</subfield>
      <subfield code="f">1</subfield>
   </datafield>
   <datafield tag="926" ind1=" " ind2=" ">
      <subfield code="a">UAEDUC</subfield>
      <subfield code="b">CURR_HIST</subfield>
      <subfield code="c">LB 3054 C2 D426 1994:Jan.</subfield>
      <subfield code="d">NO_LOAN</subfield>
      <subfield code="f">2</subfield>
   </datafield>
   <datafield tag="926" ind1=" " ind2=" ">
      <subfield code="a">UAEDUC</subfield>
      <subfield code="b">CURR_HIST</subfield>
      <subfield code="c">LB 3054 C2 D426 1994:June</subfield>
      <subfield code="d">NO_LOAN</subfield>
      <subfield code="f">1</subfield>
   </datafield>
   <datafield tag="926" ind1=" " ind2=" ">
      <subfield code="a">UAEDUC</subfield>
      <subfield code="b">CURR_HIST</subfield>
      <subfield code="c">LB 3054 C2 D426 1994:June</subfield>
      <subfield code="d">NO_LOAN</subfield>
      <subfield code="f">2</subfield>
   </datafield>
   <datafield tag="926" ind1=" " ind2=" ">
      <subfield code="a">UAEDUC</subfield>
      <subfield code="b">CURR_HIST</subfield>
      <subfield code="c">LB 3054 C2 D426 1994:June</subfield>
      <subfield code="d">NO_LOAN</subfield>
      <subfield code="f">3</subfield>
   </datafield>
   <datafield tag="926" ind1=" " ind2=" ">
      <subfield code="a">UAEDUC</subfield>
      <subfield code="b">CURR_HIST</subfield>
      <subfield code="c">LB 3054 C2 D426 1995:Jan</subfield>
      <subfield code="d">NO_LOAN</subfield>
      <subfield code="f">1</subfield>
   </datafield>
   <datafield tag="926" ind1=" " ind2=" ">
      <subfield code="a">UAEDUC</subfield>
      <subfield code="b">CURR_HIST</subfield>
      <subfield code="c">LB 3054 C2 D426 1995:Jan.</subfield>
      <subfield code="d">NO_LOAN</subfield>
      <subfield code="f">2</subfield>
   </datafield>
   <datafield tag="926" ind1=" " ind2=" ">
      <subfield code="a">UAEDUC</subfield>
      <subfield code="b">LIBUSE</subfield>
      <subfield code="c">LB 3054 C2 D426 1995:Jan.</subfield>
      <subfield code="d">NO_LOAN</subfield>
      <subfield code="e">NEVER</subfield>
      <subfield code="f">3</subfield>
   </datafield>
   <datafield tag="926" ind1=" " ind2=" ">
      <subfield code="a">UAEDUC</subfield>
      <subfield code="b">LIBUSE</subfield>
      <subfield code="c">LB 3054 C2 D426 1995:June</subfield>
      <subfield code="d">NO_LOAN</subfield>
      <subfield code="e">NEVER</subfield>
      <subfield code="f">1</subfield>
   </datafield>
   <datafield tag="926" ind1=" " ind2=" ">
      <subfield code="a">UAEDUC</subfield>
      <subfield code="b">LIBUSE</subfield>
      <subfield code="c">LB 3054 C2 D426 1996:Jan.</subfield>
      <subfield code="d">NO_LOAN</subfield>
      <subfield code="e">NEVER</subfield>
      <subfield code="f">1</subfield>
   </datafield>
   <datafield tag="926" ind1=" " ind2=" ">
      <subfield code="a">UAEDUC</subfield>
      <subfield code="b">CURR_HIST</subfield>
      <subfield code="c">LB 3054 C2 D426 1996:June</subfield>
      <subfield code="d">NO_LOAN</subfield>
      <subfield code="f">1</subfield>
   </datafield>
   <datafield tag="926" ind1=" " ind2=" ">
      <subfield code="a">UAEDUC</subfield>
      <subfield code="b">LIBUSE</subfield>
      <subfield code="c">LB 3054 C2 D426 1996:June</subfield>
      <subfield code="d">NO_LOAN</subfield>
      <subfield code="e">NEVER</subfield>
      <subfield code="f">2</subfield>
   </datafield>
   <datafield tag="926" ind1=" " ind2=" ">
      <subfield code="a">UAEDUC</subfield>
      <subfield code="b">CURR_HIST</subfield>
      <subfield code="c">LB 3054 C2 D426 1997:Jan</subfield>
      <subfield code="d">NO_LOAN</subfield>
      <subfield code="f">1</subfield>
   </datafield>
   <datafield tag="926" ind1=" " ind2=" ">
      <subfield code="a">UAEDUC</subfield>
      <subfield code="b">LIBUSE</subfield>
      <subfield code="c">LB 3054 C2 D426 1997:June</subfield>
      <subfield code="d">NO_LOAN</subfield>
      <subfield code="e">NEVER</subfield>
      <subfield code="f">1</subfield>
   </datafield>
   <datafield tag="926" ind1=" " ind2=" ">
      <subfield code="a">UAEDUC</subfield>
      <subfield code="b">CURR_HIST</subfield>
      <subfield code="c">LB 3054 C2 D426 1998:Jan</subfield>
      <subfield code="d">NO_LOAN</subfield>
      <subfield code="f">1</subfield>
   </datafield>
   <datafield tag="926" ind1=" " ind2=" ">
      <subfield code="a">UAEDUC</subfield>
      <subfield code="b">CURR_HIST</subfield>
      <subfield code="c">LB 3054 C2 D426 1998:Jan</subfield>
      <subfield code="d">NO_LOAN</subfield>
      <subfield code="f">2</subfield>
   </datafield>
   <datafield tag="926" ind1=" " ind2=" ">
      <subfield code="a">UAEDUC</subfield>
      <subfield code="b">CURR_HIST</subfield>
      <subfield code="c">LB 3054 C2 D426 1998:June</subfield>
      <subfield code="d">NO_LOAN</subfield>
      <subfield code="f">1</subfield>
   </datafield>
   <datafield tag="926" ind1=" " ind2=" ">
      <subfield code="a">UAEDUC</subfield>
      <subfield code="b">CURR_HIST</subfield>
      <subfield code="c">LB 3054 C2 D426 1999:Jan</subfield>
      <subfield code="d">NO_LOAN</subfield>
      <subfield code="f">1</subfield>
   </datafield>
   <datafield tag="926" ind1=" " ind2=" ">
      <subfield code="a">UAEDUC</subfield>
      <subfield code="b">CURR_HIST</subfield>
      <subfield code="c">LB 3054 C2 D426 1999:June</subfield>
      <subfield code="d">NO_LOAN</subfield>
      <subfield code="f">1</subfield>
   </datafield>
   <datafield tag="926" ind1=" " ind2=" ">
      <subfield code="a">UAEDUC</subfield>
      <subfield code="b">CURR_HIST</subfield>
      <subfield code="c">LB 3054 C2 D426 2000: June</subfield>
      <subfield code="d">NO_LOAN</subfield>
      <subfield code="f">2</subfield>
   </datafield>
   <datafield tag="926" ind1=" " ind2=" ">
      <subfield code="a">UAEDUC</subfield>
      <subfield code="b">CURR_HIST</subfield>
      <subfield code="c">LB 3054 C2 D426 2000:Jan</subfield>
      <subfield code="d">NO_LOAN</subfield>
      <subfield code="f">1</subfield>
   </datafield>
   <datafield tag="926" ind1=" " ind2=" ">
      <subfield code="a">UAEDUC</subfield>
      <subfield code="b">CURR_HIST</subfield>
      <subfield code="c">LB 3054 C2 D426 2000:June</subfield>
      <subfield code="d">NO_LOAN</subfield>
      <subfield code="f">1</subfield>
   </datafield>
   <datafield tag="926" ind1=" " ind2=" ">
      <subfield code="a">UAEDUC</subfield>
      <subfield code="b">CURR_HIST</subfield>
      <subfield code="c">LB 3054 C2 D426 2001: Jan</subfield>
      <subfield code="d">NO_LOAN</subfield>
      <subfield code="f">1</subfield>
   </datafield>
   <datafield tag="926" ind1=" " ind2=" ">
      <subfield code="a">UAEDUC</subfield>
      <subfield code="b">CURR_HIST</subfield>
      <subfield code="c">LB 3054 C2 D426 2001:Jan</subfield>
      <subfield code="d">NO_LOAN</subfield>
      <subfield code="f">2</subfield>
   </datafield>
   <datafield tag="926" ind1=" " ind2=" ">
      <subfield code="a">UAEDUC</subfield>
      <subfield code="b">CURR_HIST</subfield>
      <subfield code="c">LB 3054 C2 D426 2001:June</subfield>
      <subfield code="d">NO_LOAN</subfield>
      <subfield code="f">1</subfield>
   </datafield>
   <datafield tag="926" ind1=" " ind2=" ">
      <subfield code="a">UAEDUC</subfield>
      <subfield code="b">CURR_HIST</subfield>
      <subfield code="c">LB 3054 C2 D426 2002:Jan</subfield>
      <subfield code="d">NO_LOAN</subfield>
      <subfield code="f">1</subfield>
   </datafield>
   <datafield tag="926" ind1=" " ind2=" ">
      <subfield code="a">UAEDUC</subfield>
      <subfield code="b">CURR_HIST</subfield>
      <subfield code="c">LB 3054 C2 D426 2002:Jan</subfield>
      <subfield code="d">NO_LOAN</subfield>
      <subfield code="f">2</subfield>
   </datafield>
   <datafield tag="927" ind1=" " ind2=" ">
      <subfield code="a">UAEDUC</subfield>
   </datafield>
   <datafield tag="927" ind1=" " ind2=" ">
      <subfield code="b">Location</subfield>
      <subfield code="c">CURR_HIST-- LB 3054 C2 D426</subfield>
   </datafield>
   <datafield tag="927" ind1=" " ind2=" ">
      <subfield code="b">Library has</subfield>
      <subfield code="c">1984-2001 Incomplete: 1989-1991</subfield>
   </datafield>
</record>
